<?xml version="1.0" encoding="UTF-8"?><collection xmlns="http://www.loc.gov/MARC21/slim"><record><leader>00596nam--2200193-i-4500</leader><controlfield tag="001">000032892</controlfield><controlfield tag="002">20161230</controlfield><controlfield tag="005">20161230201039</controlfield><controlfield tag="008">060222s1000------------r-----000-0-eng-d</controlfield><datafield ind1=" " ind2=" " tag="040"><subfield code="a">IFIN-HH</subfield></datafield><datafield ind1=" " ind2=" " tag="080"><subfield code="a">539.1(061.3)</subfield></datafield><datafield ind1="1" ind2=" " tag="100"><subfield code="a">Nikolic, M</subfield></datafield><datafield ind1="1" ind2="0" tag="245"><subfield code="a">Methods in subnuclear physics</subfield><subfield code="c">M. nikolic (ed.)</subfield></datafield><datafield ind1=" " ind2=" " tag="260"><subfield code="a">New York</subfield><subfield code="b">Gordon And Breach Science Publishing</subfield><subfield code="c">1977</subfield></datafield><datafield ind1=" " ind2=" " tag="300"><subfield code="a">VOLUME V, 2 PARTS</subfield></datafield><datafield ind1=" " ind2=" " tag="490"><subfield code="a">International School Of Elementary Particle Physics, Herceg-novi, Yugoslavia</subfield></datafield><datafield ind1="1" ind2=" " tag="787"><subfield code="a">Volume V, Part 2</subfield><subfield code="h">364p</subfield></datafield><datafield ind1=" " ind2=" " tag="852"><subfield code="a">30535</subfield><subfield code="c">539.12</subfield></datafield><datafield ind1=" " ind2=" " tag="CAT"><subfield code="a">Sys</subfield><subfield code="c">20111117</subfield><subfield code="h">155811</subfield></datafield></record></collection>